@techreport{dsdb1,
  title = "{User Manual: NI Digital System Development Board}",
  institution = "National Instruments",
  number = "Pub ID: 376627B-01",
  year = "2018",
}
